<record><leader>00000cas a22000007a 4500</leader><controlfield tag="001">13778751</controlfield><controlfield tag="008">860625d18881903iauwr ne      0    0eng d</controlfield><datafield ind1=" " ind2=" " tag="010"><subfield code="a">sn 86060115 </subfield></datafield><datafield ind1=" " ind2=" " tag="040"><subfield code="a">INP</subfield><subfield code="b">eng</subfield><subfield code="c">INP</subfield><subfield code="d">OCLCQ</subfield></datafield><datafield ind1=" " ind2=" " tag="042"><subfield code="a">msc</subfield></datafield><datafield ind1="0" ind2="0" tag="245"><subfield code="a">Montezuma Democrat.</subfield></datafield><datafield ind1="1" ind2="3" tag="246"><subfield code="a">Democrat</subfield><subfield code="f">&lt;Feb. 23-Nov. 7, 1893&gt;</subfield></datafield><datafield ind1=" " ind2=" " tag="260"><subfield code="a">Montezuma, Iowa :</subfield><subfield code="b">R.L. Mortland</subfield></datafield><datafield ind1=" " ind2=" " tag="300"><subfield code="a">v. :</subfield><subfield code="b">ill. ;</subfield><subfield code="c">54-71 cm.</subfield></datafield><datafield ind1=" " ind2=" " tag="310"><subfield code="a">Weekly</subfield></datafield><datafield ind1="1" ind2=" " tag="362"><subfield code="a">Issued 1888-1903?</subfield><subfield code="z">Cf. Bibl. of Iowa newspapers.</subfield></datafield><datafield ind1=" " ind2=" " tag="500"><subfield code="a">Later publisher: L.H. Boydston, &lt;Jan. 5, 1897&gt;-Sept. 8, 1903.</subfield></datafield><datafield ind1=" " ind2=" " tag="500"><subfield code="a">Official newspaper of Poweshiek County.</subfield></datafield><datafield ind1=" " ind2=" " tag="588"><subfield code="a">Description based on: Vol. 15, no. 51 (Feb. 23, 1892).</subfield></datafield><datafield ind1=" " ind2=" " tag="752"><subfield code="a">United States</subfield><subfield code="b">Iowa</subfield><subfield code="c">Poweshiek</subfield><subfield code="d">Montezuma.</subfield></datafield><datafield ind1="0" ind2="0" tag="780"><subfield code="t">Poweshiek County Democrat</subfield><subfield code="w">(DLC)sn 86060114</subfield></datafield></record>